<record><leader>00000cas a22000007a 4500</leader><controlfield tag="001">12396128</controlfield><controlfield tag="008">850817d18661877pauwr ne      0    0eng d</controlfield><datafield ind1=" " ind2=" " tag="010"><subfield code="a">sn 85038380 </subfield></datafield><datafield ind1=" " ind2=" " tag="040"><subfield code="a">NPY</subfield><subfield code="b">eng</subfield><subfield code="c">NPY</subfield><subfield code="d">NPX</subfield><subfield code="d">DLC</subfield><subfield code="d">CRL</subfield><subfield code="d">NPH</subfield><subfield code="d">OCLCQ</subfield></datafield><datafield ind1=" " ind2=" " tag="042"><subfield code="a">msc</subfield></datafield><datafield ind1="0" ind2="0" tag="050"><subfield code="a">Newspaper</subfield></datafield><datafield ind1="0" ind2=" " tag="130"><subfield code="a">Pittsburgh commercial (Pittsburgh, Pa. : Weekly)</subfield></datafield><datafield ind1="1" ind2="0" tag="245"><subfield code="a">Pittsburgh commercial.</subfield></datafield><datafield ind1="1" ind2="3" tag="246"><subfield code="a">Weekly commercial</subfield></datafield><datafield ind1=" " ind2=" " tag="250"><subfield code="a">Weekly ed.</subfield></datafield><datafield ind1=" " ind2=" " tag="260"><subfield code="a">Pittsburgh [Pa.] :</subfield><subfield code="b">Pittsburgh Newspaper and Print. Co.</subfield></datafield><datafield ind1=" " ind2=" " tag="300"><subfield code="a">v. ;</subfield><subfield code="c">78 cm.</subfield></datafield><datafield ind1=" " ind2=" " tag="310"><subfield code="a">Weekly</subfield></datafield><datafield ind1="1" ind2=" " tag="362"><subfield code="a">Began in 1866; ceased in 1877.</subfield><subfield code="z">Cf. NIM.</subfield></datafield><datafield ind1=" " ind2=" " tag="530"><subfield code="a">Also issued on microfilm from Micro Photo Div., Bell &amp; Howell Co.</subfield></datafield><datafield ind1=" " ind2=" " tag="580"><subfield code="a">Daily ed.: Pittsburgh commercial (Pittsburgh, Pa. : 1864).</subfield></datafield><datafield ind1=" " ind2=" " tag="588"><subfield code="a">Description based on: Vol. 3, no. 38 (July 28, 1866).</subfield></datafield><datafield ind1=" " ind2=" " tag="752"><subfield code="a">United States</subfield><subfield code="b">Pennsylvania</subfield><subfield code="c">Allegheny</subfield><subfield code="d">Pittsburgh.</subfield></datafield><datafield ind1="1" ind2=" " tag="775"><subfield code="t">Pittsburgh commercial (Pittsburgh, Pa. : 1864)</subfield><subfield code="w">(DLC)sn 83025913</subfield><subfield code="w">(OCoLC)2266150</subfield></datafield><datafield ind1="0" ind2="0" tag="780"><subfield code="t">Saturday morning commercial</subfield><subfield code="w">(DLC)sn 85054675</subfield><subfield code="w">(OCoLC)12211870</subfield></datafield><datafield ind1="0" ind2="7" tag="785"><subfield code="t">Pittsburgh weekly gazette (Pittsburgh, Pa. : 1868)</subfield><subfield code="w">(DLC)sn 84026385</subfield></datafield><datafield ind1="0" ind2="7" tag="785"><subfield code="t">Pittsburgh commercial gazette (Pittsburgh, Pa. : Weekly)</subfield><subfield code="w">(DLC)sn 86081094</subfield></datafield><datafield ind1="1" ind2=" " tag="029"><subfield code="a">AU@</subfield><subfield code="b">000025793540</subfield></datafield></record>